<record><leader>00000cas a2200000 a 4500</leader><controlfield tag="001">13046529</controlfield><controlfield tag="008">860122d185718uuksuwr ne      0    0eng c</controlfield><datafield ind1=" " ind2=" " tag="010"><subfield code="a">sn 85066731 </subfield></datafield><datafield ind1=" " ind2=" " tag="040"><subfield code="a">KSH</subfield><subfield code="b">eng</subfield><subfield code="c">KSH</subfield><subfield code="d">NPT</subfield><subfield code="d">NPX</subfield><subfield code="d">NPT</subfield><subfield code="d">YOX</subfield><subfield code="d">CNK</subfield><subfield code="d">OCL</subfield><subfield code="d">KRTAS</subfield><subfield code="d">CUI</subfield><subfield code="d">OCLCQ</subfield></datafield><datafield ind1=" " ind2=" " tag="042"><subfield code="a">pcc</subfield></datafield><datafield ind1=" " ind2=" " tag="043"><subfield code="a">n-us-ks</subfield></datafield><datafield ind1=" " ind2="4" tag="050"><subfield code="a">AN</subfield></datafield><datafield ind1="0" ind2="0" tag="245"><subfield code="a">Quindaro chindowan.</subfield></datafield><datafield ind1="1" ind2="7" tag="246"><subfield code="a">Quindaro chin-do-wan</subfield></datafield><datafield ind1=" " ind2=" " tag="260"><subfield code="a">Quindaro, Kan. :</subfield><subfield code="b">J.M. Walden &amp; Co.,</subfield><subfield code="c">1857-</subfield></datafield><datafield ind1=" " ind2=" " tag="300"><subfield code="a">v. ;</subfield><subfield code="c">61 cm.</subfield></datafield><datafield ind1=" " ind2=" " tag="310"><subfield code="a">Weekly</subfield></datafield><datafield ind1="0" ind2=" " tag="362"><subfield code="a">Vol. 1, no. 1 (May 13, 1857)-</subfield></datafield><datafield ind1=" " ind2=" " tag="500"><subfield code="a">"A Free State paper."</subfield></datafield><datafield ind1=" " ind2=" " tag="500"><subfield code="a">Editor: John M. Walden, &lt;1857-1858&gt;.</subfield></datafield><datafield ind1=" " ind2="0" tag="651"><subfield code="a">Quindaro (Kan.)</subfield><subfield code="v">Newspapers.</subfield></datafield><datafield ind1=" " ind2="0" tag="651"><subfield code="a">Wyandotte County (Kan.)</subfield><subfield code="v">Newspapers.</subfield></datafield><datafield ind1=" " ind2=" " tag="752"><subfield code="a">United States</subfield><subfield code="b">Kansas</subfield><subfield code="c">Wyandotte</subfield><subfield code="d">Quindaro.</subfield></datafield><datafield ind1="0" ind2="8" tag="776"><subfield code="i">Online version:</subfield><subfield code="t">Quindaro Chindowan (Online)</subfield><subfield code="w">(OCoLC)192107495</subfield></datafield><datafield ind1=" " ind2=" " tag="938"><subfield code="a">Kirtas Technologies, Inc.</subfield><subfield code="b">KRTS</subfield><subfield code="n">739521</subfield></datafield></record>